% dimensionality growth
@article{thomee2016yfcc100m,
  title={YFCC100M: The new data in multimedia research},
  author={Thomee, Bart and Shamma, David A and Friedland, Gerald and Elizalde, Benjamin and Ni, Karl and Poland, Douglas and Borth, Damian and Li, Li-Jia},
  journal={Communications of the ACM},
  volume={59},
  number={2},
  pages={64--73},
  year={2016},
  publisher={ACM New York, NY, USA}
}

% scikit-posthoc
@article{Terpilowski2019,
  doi = {10.21105/joss.01169},
  url = {https://doi.org/10.21105/joss.01169},
  year = {2019},
  publisher = {The Open Journal},
  volume = {4},
  number = {36},
  pages = {1169},
  author = {Maksim A. Terpilowski},
  title = {scikit-posthocs: Pairwise multiple comparison tests in Python},
  journal = {Journal of Open Source Software}
}

% statistical integrity
@article{nemenyi1963distribution,
  title={Distribution-free multiple comparisons (doctoral dissertation, princeton university, 1963)},
  author={Nemenyi, PB},
  journal={Dissertation Abstracts International},
  volume={25},
  number={2},
  pages={1233},
  year={1963}
}

% hybrid FS
@article{hsu2011hybrid,
  title={Hybrid feature selection by combining filters and wrappers},
  author={Hsu, Hui-Huang and Hsieh, Cheng-Wei and Lu, Ming-Da},
  journal={Expert Systems with Applications},
  volume={38},
  number={7},
  pages={8144--8150},
  year={2011},
  publisher={Elsevier}
}

@inproceedings{das2001filters,
  title={Filters, wrappers and a boosting-based hybrid for feature selection},
  author={Das, Sanmay},
  booktitle={Icml},
  volume={1},
  pages={74--81},
  year={2001}
}

@article{bolon2019ensembles,
  title={Ensembles for feature selection: A review and future trends},
  author={Bol{\'o}n-Canedo, Ver{\'o}nica and Alonso-Betanzos, Amparo},
  journal={Information Fusion},
  volume={52},
  pages={1--12},
  year={2019},
  publisher={Elsevier}
}

% genetics / epistasis
@article{gros2009evolution,
  title={The evolution of epistasis and its links with genetic robustness, complexity and drift in a phenotypic model of adaptation},
  author={Gros, Pierre-Alexis and Le Nagard, Herv{\'e} and Tenaillon, Olivier},
  journal={Genetics},
  volume={182},
  number={1},
  pages={277--293},
  year={2009},
  publisher={Genetics Soc America}
}

% pr-curves
@book{10.5555/576628,
    author = {Salton, Gerard and McGill, Michael J.},
    title = {Introduction to Modern Information Retrieval},
    year = {1986},
    isbn = {0070544840},
    publisher = {McGraw-Hill, Inc.},
    address = {USA}
}

@article{zhu2004recall,
  title={Recall, precision and average precision},
  author={Zhu, Mu},
  journal={Department of Statistics and Actuarial Science, University of Waterloo, Waterloo},
  volume={2},
  pages={30},
  year={2004}
}

% sklearn
@article{pedregosa2011scikit,
  title={Scikit-learn: Machine learning in Python},
  author={Pedregosa, Fabian and Varoquaux, Ga{\"e}l and Gramfort, Alexandre and Michel, Vincent and Thirion, Bertrand and Grisel, Olivier and Blondel, Mathieu and Prettenhofer, Peter and Weiss, Ron and Dubourg, Vincent and others},
  journal={the Journal of machine Learning research},
  volume={12},
  pages={2825--2830},
  year={2011},
  publisher={JMLR. org}
}

% ExtraTrees
@article{geurts2006extremely,
  title={Extremely randomized trees},
  author={Geurts, Pierre and Ernst, Damien and Wehenkel, Louis},
  journal={Machine learning},
  volume={63},
  number={1},
  pages={3--42},
  year={2006},
  publisher={Springer}
}

% RFE
@article{guyon2002gene,
  title={Gene selection for cancer classification using support vector machines},
  author={Guyon, Isabelle and Weston, Jason and Barnhill, Stephen and Vapnik, Vladimir},
  journal={Machine learning},
  volume={46},
  number={1-3},
  pages={389--422},
  year={2002},
  publisher={Springer}
}

% LITERATURE RUN 0
@article{guyon2003introduction,
  title={An introduction to variable and feature selection},
  author={Guyon, Isabelle and Elisseeff, Andr{\'e}},
  journal={Journal of machine learning research},
  volume={3},
  number={Mar},
  pages={1157--1182},
  year={2003}
}


% LITERATURE RUN 1
@article{demvsar2006statistical,
  title={Statistical comparisons of classifiers over multiple data sets},
  author={Dem{\v{s}}ar, Janez},
  journal={Journal of Machine learning research},
  volume={7},
  number={Jan},
  pages={1--30},
  year={2006}
}

@article{chandrashekar2014survey,
  title={A survey on feature selection methods},
  author={Chandrashekar, Girish and Sahin, Ferat},
  journal={Computers \& Electrical Engineering},
  volume={40},
  number={1},
  pages={16--28},
  year={2014},
  publisher={Elsevier}
}

@article{li2017feature,
  title={Feature selection: A data perspective},
  author={Li, Jundong and Cheng, Kewei and Wang, Suhang and Morstatter, Fred and Trevino, Robert P and Tang, Jiliang and Liu, Huan},
  journal={ACM Computing Surveys (CSUR)},
  volume={50},
  number={6},
  pages={1--45},
  year={2017},
  publisher={ACM New York, NY, USA}
}

@article{solorio2020review,
  title={A review of unsupervised feature selection methods},
  author={Solorio-Fern{\'a}ndez, Sa{\'u}l and Carrasco-Ochoa, J Ariel and Mart{\'\i}nez-Trinidad, Jos{\'e} Fco},
  journal={Artificial Intelligence Review},
  volume={53},
  number={2},
  pages={907--948},
  year={2020},
  publisher={Springer}
}

@techreport{koller1996toward,
  title={Toward optimal feature selection},
  author={Koller, Daphne and Sahami, Mehran},
  year={1996},
  institution={Stanford InfoLab}
}

@incollection{al2020review,
  title={A Review of Grey Wolf Optimizer-Based Feature Selection Methods for Classification},
  author={Al-Tashi, Qasem and Rais, Helmi Md and Abdulkadir, Said Jadid and Mirjalili, Seyedali and Alhussian, Hitham},
  booktitle={Evolutionary Machine Learning Techniques},
  pages={273--286},
  year={2020},
  publisher={Springer}
}

@incollection{khurma2020evolopy,
  title={EvoloPy-FS: An Open-Source Nature-Inspired Optimization Framework in Python for Feature Selection},
  author={Khurma, Ruba Abu and Aljarah, Ibrahim and Sharieh, Ahmad and Mirjalili, Seyedali},
  booktitle={Evolutionary Machine Learning Techniques},
  pages={131--173},
  year={2020},
  publisher={Springer}
}

@incollection{mafarja2020dragonfly,
  title={Dragonfly algorithm: theory, literature review, and application in feature selection},
  author={Mafarja, Majdi and Heidari, Ali Asghar and Faris, Hossam and Mirjalili, Seyedali and Aljarah, Ibrahim},
  booktitle={Nature-Inspired Optimizers},
  pages={47--67},
  year={2020},
  publisher={Springer}
}

% LITERATURE RUN 2
% [JMLR] Cai, Li, and Zhu, 2020
@article{JMLR:v21:18-567,
  author  = {Zhanrui Cai and Runze Li and Liping Zhu},
  title   = {Online Sufficient Dimension Reduction Through Sliced Inverse Regression},
  journal = {Journal of Machine Learning Research},
  year    = {2020},
  volume  = {21},
  number  = {10},
  pages   = {1-25},
  url     = {http://jmlr.org/papers/v21/18-567.html}
}

@book{alelyani2013feature,
  title={On feature selection stability: A data perspective},
  author={Alelyani, Salem},
  year={2013},
  publisher={Citeseer}
}

% [JMLR] Li, Li, Xia and Xu, 2020
@article{JMLR:v21:19-537,
  author  = {Xingxiang Li and Runze Li and Zhiming Xia and Chen Xu},
  title   = {Distributed Feature Screening via Componentwise Debiasing},
  journal = {Journal of Machine Learning Research},
  year    = {2020},
  volume  = {21},
  number  = {24},
  pages   = {1-32},
  url     = {http://jmlr.org/papers/v21/19-537.html}
}
% [JMLR] Tang, Fang, and Dong, 2020
@article{JMLR:v21:19-071,
  author  = {Cheng Yong Tang and Ethan X. Fang and Yuexiao Dong},
  title   = {High-Dimensional Interactions Detection with Sparse Principal Hessian Matrix},
  journal = {Journal of Machine Learning Research},
  year    = {2020},
  volume  = {21},
  number  = {19},
  pages   = {1-25},
  url     = {http://jmlr.org/papers/v21/19-071.html}
}


% LITERATURE RUN 2
@article{cunningham2007dimension,
  title={Dimension Reduction, Technical report UCD-CSI-2007-7},
  author={Cunningham, P},
  journal={University College Dublin},
  year={2007}
}

@article{tang2014feature,
  title={Feature selection for classification: A review},
  author={Tang, Jiliang and Alelyani, Salem and Liu, Huan},
  journal={Data classification: Algorithms and applications},
  pages={37},
  year={2014},
  publisher={CRC press}
}

@article{nogueira2017stability,
  title={On the stability of feature selection algorithms},
  author={Nogueira, Sarah and Sechidis, Konstantinos and Brown, Gavin},
  journal={The Journal of Machine Learning Research},
  volume={18},
  number={1},
  pages={6345--6398},
  year={2017},
  publisher={JMLR. org}
}

@article{urbanowicz2018relief,
  title={Relief-based feature selection: Introduction and review},
  author={Urbanowicz, Ryan J and Meeker, Melissa and La Cava, William and Olson, Randal S and Moore, Jason H},
  journal={Journal of biomedical informatics},
  volume={85},
  pages={189--203},
  year={2018},
  publisher={Elsevier}
}

@article{urbanowicz2018benchmarking,
  title={Benchmarking relief-based feature selection methods for bioinformatics data mining},
  author={Urbanowicz, Ryan J and Olson, Randal S and Schmitt, Peter and Meeker, Melissa and Moore, Jason H},
  journal={Journal of biomedical informatics},
  volume={85},
  pages={168--188},
  year={2018},
  publisher={Elsevier}
}

@article{bolon2013review,
  title={A review of feature selection methods on synthetic data},
  author={Bol{\'o}n-Canedo, Ver{\'o}nica and S{\'a}nchez-Maro{\~n}o, Noelia and Alonso-Betanzos, Amparo},
  journal={Knowledge and information systems},
  volume={34},
  number={3},
  pages={483--519},
  year={2013},
  publisher={Springer}
}

@inproceedings{saeys2008towards,
  title={Towards robust feature selection techniques},
  author={Saeys, Yvan and Abeel, Thomas and de Peer, YV},
  booktitle={Proceedings of Benelearn},
  pages={45--46},
  year={2008},
  organization={Citeseer}
}

@inproceedings{kvrivzek2007improving,
  title={Improving stability of feature selection methods},
  author={K{\v{r}}{\'\i}{\v{z}}ek, Pavel and Kittler, Josef and Hlav{\'a}{\v{c}}, V{\'a}clav},
  booktitle={International Conference on Computer Analysis of Images and Patterns},
  pages={929--936},
  year={2007},
  organization={Springer}
}

@article{mohana2016survey,
  title={A survey on feature selection stability measures},
  author={Mohana Chelvan, P and Perumal, Karuppasamy},
  journal={International Journal of Computer and Information Technology},
  volume={5},
  number={1},
  pages={98--103},
  year={2016}
}

@article{dunne2002solutions,
  title={Solutions to instability problems with sequential wrapper-based approaches to feature selection},
  author={Dunne, Kevin and Cunningham, Padraig and Azuaje, Francisco},
  journal={Journal of Machine Learning Research},
  pages={1--22},
  year={2002}
}

@inproceedings{kuncheva2007stability,
  title={A stability index for feature selection.},
  author={Kuncheva, Ludmila I},
  booktitle={Artificial intelligence and applications},
  pages={421--427},
  year={2007}
}

@article{kalousis2007stability,
  title={Stability of feature selection algorithms: a study on high-dimensional spaces},
  author={Kalousis, Alexandros and Prados, Julien and Hilario, Melanie},
  journal={Knowledge and information systems},
  volume={12},
  number={1},
  pages={95--116},
  year={2007},
  publisher={Springer}
}

@inproceedings{kira1992feature,
  title={The feature selection problem: Traditional methods and a new algorithm},
  author={Kira, Kenji and Rendell, Larry A and others},
  booktitle={Aaai},
  volume={2},
  pages={129--134},
  year={1992}
}

% pr-curves
@article{everingham2010pascal,
  title={The pascal visual object classes (voc) challenge},
  author={Everingham, Mark and Van Gool, Luc and Williams, Christopher KI and Winn, John and Zisserman, Andrew},
  journal={International journal of computer vision},
  volume={88},
  number={2},
  pages={303--338},
  year={2010},
  publisher={Springer}
}

@inproceedings{boyd2013area,
  title={Area under the precision-recall curve: point estimates and confidence intervals},
  author={Boyd, Kendrick and Eng, Kevin H and Page, C David},
  booktitle={Joint European conference on machine learning and knowledge discovery in databases},
  pages={451--466},
  year={2013},
  organization={Springer}
}

@inproceedings{davis2006relationship,
  title={The relationship between Precision-Recall and ROC curves},
  author={Davis, Jesse and Goadrich, Mark},
  booktitle={Proceedings of the 23rd international conference on Machine learning},
  pages={233--240},
  year={2006}
}